@inproceedings{Madden2017TheIO,
  title={The Influence of Robotic Assistance on Reducing Neuromuscular Effort and Fatigue during Extravehicular Activity Glove Use},
  author={Kaci E. Madden and A. Deshpande and B. J. Peters and J. M. Rogers and Evan A. Laske and E. McBryan},
  year={2017}
}

@inproceedings{NASAHumanResearcherEvidenceBook,
    title = {Risk of Compromised EVA Performance and Crew Health Due 
    to Inadequate EVA Suit Systems},
    author = {Michael L. Gernhardt and Jeffrey A. Jones and Richard A. Scheuring and Andrew F. Abercromby and Jennifer A. Tuxhorn and Jason R. Norcross},
    year = {2009},
}

@inproceedings{Rogers2017DevelopmentAT,
  title={Development and testing of robotically assisted extravehicular activity gloves},
  author={Rogers, Jonathan and Peters, Benjamin and Laske, Evan and McBryan, Emily},
  year={2017},
  organization={47th International Conference on Environmental Systems}
}

@article{Celik2010NormalizedMQ,
  title={Normalized Movement Quality Measures for Therapeutic Robots Strongly Correlate With Clinical Motor Impairment Measures},
  author={O. Celik and M. O’Malley and C. Boake and H. Levin and N. Yozbatiran and T. Reistetter},
  journal={IEEE Transactions on Neural Systems and Rehabilitation Engineering},
  year={2010},
  volume={18},
  pages={433-444}
}

@article{Rose2019HybridRH,
  title={Hybrid Rigid-Soft Hand Exoskeleton to Assist Functional Dexterity},
  author={Chad G. Rose and M. O'Malley},
  journal={IEEE Robotics and Automation Letters},
  year={2019},
  volume={4},
  pages={73-80}
}

@article{Repnik2018UsingIM,
  title={Using Inertial Measurement Units and Electromyography to Quantify Movement during Action Research Arm Test Execution},
  author={Eva Repnik and U. Puh and N. Goljar and M. Munih and M. Mihelj},
  journal={Sensors (Basel, Switzerland)},
  year={2018},
  volume={18}
}

@article{Safavynia2011MuscleSI,
  title={Muscle Synergies: Implications for Clinical Evaluation and Rehabilitation of Movement.},
  author={Seyed A. Safavynia and G. Torres-Oviedo and L. Ting},
  journal={Topics in spinal cord injury rehabilitation},
  year={2011},
  volume={17 1},
  pages={
          16-24
        }
}

@article{Takai2014OpticalVC,
  title={Optical Vehicle-to-Vehicle Communication System Using LED Transmitter and Camera Receiver},
  author={Isamu Takai and Tomohisa Harada and M. Andoh and K. Yasutomi and K. Kagawa and S. Kawahito},
  journal={IEEE Photonics Journal},
  year={2014},
  volume={6},
  pages={1-14}
}

@article{Min2018ElectromyogramRU,
  title={Electromyogram refinement using muscle synergy based regulation of uncertain information.},
  author={Kyuengbo Min and Duk Shin and J. Lee and S. Kakei},
  journal={Journal of biomechanics},
  year={2018},
  volume={72},
  pages={
          125-133
        }
}



@article{Massion1992StrategyAS,
  title={[Strategy and synergy: two levels of equilibrium control during movement. Effects of the microgravity].},
  author={J. Massion and V. Gurfinkel and M. Lipshits and A. Obadia and K. Popov},
  journal={Comptes rendus de l'Academie des sciences. Serie III, Sciences de la vie},
  year={1992},
  volume={314 2},
  pages={
          87-92
        }
}

@article{Overduin2008ModulationOM,
  title={Modulation of Muscle Synergy Recruitment in Primate Grasping},
  author={Simon A. Overduin and A. d’Avella and Jinsook Roh and E. Bizzi},
  journal={The Journal of Neuroscience},
  year={2008},
  volume={28},
  pages={880 - 892}
}



@article{Boyas2011NMF,
    title={Neuromuscular fatigue in healthy muscle: Underlying factors and adaptation mechanisms},
    author={S Boyas and A Guével},
    journal={Annals of Physical and Rehabilitation Medicine},
    year={2011},
    volume = {54}
}

@online{SuniPistolGrip,
    title={Sunita L. Williams, Expedition 14 flight engineer, works with a pistol grip tool},
    url = {https://airandspace.si.edu/exhibitions/outside-the-spacecraft/online/image-detail.cfm?id=9610},
    publisher={NASA/Goddard Space Flight Center},
    year={2014}
}

@inproceedings{CurtisHillFlexible2020,
    title ={Long Term Monitoring of Respiration and CO2 using Flexible Printed Sensors},
    author= {E. Jovanov and I. K. Small and T. D. Rolin and H. Ganegoda and C. Hill},
    journal= {2020 IEEE Aerospace Conference, Big Sky, MT, USA},
    year={2020}
}

@article{Paiss1987AutoregressiveMO,
  title={Autoregressive Modeling of Surface EMG and Its Spectrum with Application to Fatigue},
  author={O. Paiss and G. Inbar},
  journal={IEEE Transactions on Biomedical Engineering},
  year={1987},
  volume={BME-34},
  pages={761-770}
}

@phdthesis{Taj-Eldin:2015,
    title    = {Wireless body area networks for intra-spacesuit communications: modeling, measurements and wearable antennas},
    school   = {Kansas State University},
    author   = {Mohammed Taj-Eldin},
    year     = {2015}
}

@article{MOUSAVI2014130,
title = {A new method of measuring the stiffness of astronauts' EVA gloves},
journal = {Acta Astronautica},
volume = {97},
pages = {130-137},
year = {2014},
}